<?xml version="1.0" encoding="UTF-8"?>
<OAI-PMH xmlns="http://www.openarchives.org/OAI/2.0/" xmlns:xsi="http://www.w3.org/2001/XMLSchema-instance" xsi:schemaLocation="http://www.openarchives.org/OAI/2.0/ http://www.openarchives.org/OAI/2.0/OAI-PMH.xsd">
  <ListRecords>
    <record>
      <header>
        <identifier>aleph-publish:000869906</identifier>
      </header>
      <metadata>
        <record xmlns="http://www.ddb.de/professionell/mabxml/mabxml-1.xsd">
          <leader>------M2.01200024------h</leader>
          <controlfield tag="LDR">------M2.01200024------h</controlfield>
          <controlfield tag="FMT">MH</controlfield>
          <datafield tag="001" ind1="-" ind2="1">
            <subfield code="a">HT013769800</subfield>
          </datafield>
          <datafield tag="002" ind1="a" ind2="1">
            <subfield code="a">20030829</subfield>
          </datafield>
          <datafield tag="003" ind1="-" ind2="1">
            <subfield code="a">20070705</subfield>
          </datafield>
          <datafield tag="026" ind1="-" ind2="1">
            <subfield code="a">HBZHT013769800</subfield>
          </datafield>
          <controlfield tag="030">a|1uc||||||37</controlfield>
          <datafield tag="036" ind1="a" ind2="1">
            <subfield code="a">DE</subfield>
          </datafield>
          <datafield tag="037" ind1="b" ind2="1">
            <subfield code="a">ger</subfield>
          </datafield>
          <controlfield tag="050">a|||||||||||||</controlfield>
          <controlfield tag="051">s|||||||</controlfield>
          <datafield tag="070" ind1="-" ind2="1">
            <subfield code="a">466</subfield>
          </datafield>
          <datafield tag="070" ind1="b" ind2="1">
            <subfield code="a">468</subfield>
          </datafield>
          <datafield tag="080" ind1="-" ind2="1">
            <subfield code="a">60</subfield>
          </datafield>
          <datafield tag="100" ind1="b" ind2="1">
            <subfield code="p">B端sser, Martin</subfield>
            <subfield code="d">1968-2010</subfield>
            <subfield code="9">(DE-588)120096773</subfield>
            <subfield code="b">[Hrsg.]</subfield>
          </datafield>
          <datafield tag="331" ind1="-" ind2="1">
            <subfield code="a">Zukunftsmusik</subfield>
          </datafield>
          <datafield tag="359" ind1="-" ind2="1">
            <subfield code="a">[Hrsg. und Red.: Martin B端sser ...]</subfield>
          </datafield>
          <datafield tag="370" ind1="a" ind2="1">
            <subfield code="a">No future</subfield>
          </datafield>
          <datafield tag="410" ind1="-" ind2="1">
            <subfield code="a">Mainz</subfield>
          </datafield>
          <datafield tag="412" ind1="-" ind2="1">
            <subfield code="a">Ventil-Verl.</subfield>
          </datafield>
          <datafield tag="425" ind1="a" ind2="1">
            <subfield code="a">2001</subfield>
          </datafield>
          <datafield tag="433" ind1="-" ind2="1">
            <subfield code="a">304 S. : zahlr. Ill.</subfield>
          </datafield>
          <datafield tag="451" ind1="-" ind2="1">
            <subfield code="a">Testcard ; 10</subfield>
          </datafield>
          <datafield tag="453" ind1="-" ind2="1">
            <subfield code="a">HT008498405</subfield>
          </datafield>
          <datafield tag="455" ind1="-" ind2="1">
            <subfield code="a">10</subfield>
          </datafield>
          <datafield tag="456" ind1="-" ind2="1">
            <subfield code="a">10</subfield>
          </datafield>
          <datafield tag="505" ind1="-" ind2="1">
            <subfield code="p">Nebent.</subfield>
            <subfield code="a">No future</subfield>
          </datafield>
          <datafield tag="540" ind1="a" ind2="1">
            <subfield code="a">3-931555-09-7</subfield>
          </datafield>
          <controlfield tag="SYS">000869906</controlfield>
          <datafield tag="PPE" ind1="-" ind2="1">
            <subfield code="p">B端sser, M.</subfield>
            <subfield code="d">1968-2010</subfield>
            <subfield code="9">(DE-588)120096773</subfield>
          </datafield>
          <datafield tag="PPE" ind1="-" ind2="1">
            <subfield code="p">B端sser, M.</subfield>
            <subfield code="d">1968-2010</subfield>
            <subfield code="9">(DE-588)120096773</subfield>
          </datafield>
          <datafield tag="700" ind1=" " ind2=" ">
            <subfield code="9">34</subfield>
          </datafield>
          <datafield tag="OWN" ind1=" " ind2=" ">
            <subfield code="a">P0001</subfield>
            <subfield code="n">466</subfield>
          </datafield>
          <datafield tag="PLK" ind1=" " ind2=" ">
            <subfield code="a">SRU</subfield>
            <subfield code="l">PAD01</subfield>
            <subfield code="b">000765779</subfield>
            <subfield code="m">10.^Zukunftsmusik.^2001</subfield>
            <subfield code="n">Testcard.^1995</subfield>
          </datafield>
          <datafield tag="LOC" ind1=" " ind2=" ">
            <subfield code="m">ISSUE</subfield>
            <subfield code="a">P0001</subfield>
            <subfield code="b">10</subfield>
            <subfield code="d">/34T24</subfield>
            <subfield code="i">02:396</subfield>
            <subfield code="n">34</subfield>
            <subfield code="k">20030818</subfield>
            <subfield code="5">812320-10</subfield>
          </datafield>
        </record>
      </metadata>
    </record>
  </ListRecords>
</OAI-PMH>
